@article{Gould2002,
   author = {Roger V. Gould},
   doi = {10.1086/341744},
   issn = {0002-9602},
   issue = {5},
   journal = {American Journal of Sociology},
   month = {3},
   pages = {1143-1178},
   title = {The Origins of Status Hierarchies: A Formal Theory and Empirical Test},
   volume = {107},
   year = {2002},
}
